@mastersthesis{HugoThesis,
	title = {Extending an Ontology-Based Personalized Dietary Recommendation for Weightlifting with Biomechanical Knowledge},
	author = {Hugo Dias},
	school = {University of Minho},
	address = {Guimaraes},
	%year = {2013},
}

@article{AeroArticle,
	tittle = {A framework for developing engineering design ontologies within the aerospace industry},
	author = {Sanya, I. O. and Shehab, E. M.},
	journal = {International Journal of Production Research},
	year = {2015},
}
